[gd_scene load_steps=15 format=2]

[ext_resource path="res://sprites/player2.png" type="Texture" id=1]
[ext_resource path="res://sprites/player.png" type="Texture" id=2]
[ext_resource path="res://Player.gd" type="Script" id=3]
[ext_resource path="res://sfx/bonk.wav" type="AudioStream" id=4]
[ext_resource path="res://sfx/footstep.wav" type="AudioStream" id=5]
[ext_resource path="res://sfx/sound3D_wallDown.wav" type="AudioStream" id=6]
[ext_resource path="res://Detector.tscn" type="PackedScene" id=7]
[ext_resource path="res://sfx/sound3D_wallLeft.wav" type="AudioStream" id=8]
[ext_resource path="res://sfx/sound3D_wallRight.wav" type="AudioStream" id=9]
[ext_resource path="res://sfx/sound3D_wallUp.wav" type="AudioStream" id=10]

[sub_resource type="SpriteFrames" id=1]
animations = [ {
"frames": [ ExtResource( 2 ), ExtResource( 1 ) ],
"loop": true,
"name": "default",
"speed": 5.0
} ]

[sub_resource type="RectangleShape2D" id=2]

[sub_resource type="Animation" id=3]
resource_name = "Test"

[sub_resource type="RectangleShape2D" id=4]
extents = Vector2( 18.5, 18 )

[node name="Node2D" type="KinematicBody2D"]
script = ExtResource( 3 )

[node name="AnimatedSprite" type="AnimatedSprite" parent="."]
frames = SubResource( 1 )
frame = 1
playing = true

[node name="Bonk" type="AudioStreamPlayer" parent="."]
stream = ExtResource( 4 )

[node name="Footstep" type="AudioStreamPlayer" parent="."]
stream = ExtResource( 5 )

[node name="CollisionShape2D" type="CollisionShape2D" parent="."]
shape = SubResource( 2 )

[node name="Camera2D" type="Camera2D" parent="."]
current = true
zoom = Vector2( 0.5, 0.5 )

[node name="AnimationPlayer" type="AnimationPlayer" parent="."]
anims/Test = SubResource( 3 )

[node name="DetectorUp" parent="." instance=ExtResource( 7 )]
cast_to = Vector2( 0, -50 )

[node name="Sound" parent="DetectorUp" index="0"]
stream = ExtResource( 10 )

[node name="DetectorDown" parent="." instance=ExtResource( 7 )]

[node name="Sound" parent="DetectorDown" index="0"]
stream = ExtResource( 6 )

[node name="DetectorLeft" parent="." instance=ExtResource( 7 )]
cast_to = Vector2( -50, 0 )

[node name="Sound" parent="DetectorLeft" index="0"]
stream = ExtResource( 8 )

[node name="DetectorRight" parent="." instance=ExtResource( 7 )]
cast_to = Vector2( 50, 0 )

[node name="Sound" parent="DetectorRight" index="0"]
stream = ExtResource( 9 )

[node name="Listener" type="Listener2D" parent="."]
current = true

[node name="LabelDetector" type="Area2D" parent="."]
collision_layer = 0
collision_mask = 2

[node name="LabelDetectorCollision" type="CollisionShape2D" parent="LabelDetector"]
position = Vector2( -0.5, 0 )
shape = SubResource( 4 )

[connection signal="area_entered" from="LabelDetector" to="." method="_on_LabelDetector_area_entered"]

[editable path="DetectorUp"]
[editable path="DetectorDown"]
[editable path="DetectorLeft"]
[editable path="DetectorRight"]
